<?xml version="1.0" encoding="UTF-8"?><collection xmlns="http://www.loc.gov/MARC21/slim"><record><leader>00464nam--2200133-i-4500</leader><controlfield tag="001">000008089</controlfield><controlfield tag="002">20161230</controlfield><controlfield tag="005">20161230201027</controlfield><controlfield tag="008">060222s1000------------r-----000-0-eng-d</controlfield><datafield ind1=" " ind2=" " tag="080"><subfield code="a">577.391</subfield></datafield><datafield ind1=" " ind2=" " tag="245"><subfield code="a">Biophysical aspects of radiation quality.repor t  of a panel on biophysical aspects of radiat ion quality held in vienna 29 march - 2 april</subfield></datafield><datafield ind1=" " ind2=" " tag="260"><subfield code="a">Vienna , International Atomic Energy Agency , 1966. 186 P</subfield></datafield><datafield ind1=" " ind2=" " tag="490"><subfield code="a">Technical Report Series</subfield></datafield><datafield ind1=" " ind2=" " tag="852"><subfield code="a">1875</subfield></datafield></record></collection>